@misc{GesetzZurForderung2017,
  title = {Gesetz Zur {{F\"orderung}} Der Elektronischen {{Verwaltung}}},
  year = {2017},
  month = jul,
  number = {12a}
}

@misc{GesetzZurStaatlichen2020,
  title = {Gesetz Zur Staatlichen Geologischen {{Landesaufnahme}} Sowie Zur {{\"Ubermittlung}}, {{Sicherung}} Und \"Offentlichen {{Bereitstellung}} Geologischer {{Daten}} Und Zur {{Zurverf\"ugungstellung}} Geologischer {{Daten}} Zur {{Erf\"ullung}} \"Offentlicher {{Aufgaben}}},
  year = {2020},
  month = jun
}
